@misc{pcsc_workgroup,
	key = "PC/SC workgroup",
	title = "{PC/SC workgroup}",
	note = "\url{http://www.pcscworkgroup.com/}"
}
