@misc{pcsc_workgroup,
	key = "PC/SC workgroup",
	title = "{PC/SC workgroup}",
	note = "\url{http://www.pcscworkgroup.com/}"
}

@misc{ccid_spec,
	key = "CCID",
	title = "{Universal Serial Bus, Device Class Specification for USB Chip/Smart Card Interface Devices}",
	month = "20~" # mar,
	year = 2001,
	note = "Revision 1.00, \url{http://www.usb.org/developers/devclass_docs/ccid_classspec_1_00a.pdf}"
}
